<record><leader>00000cas a22000007a 4500</leader><controlfield tag="001">16856794</controlfield><controlfield tag="008">871015d18961896inuwr ne      0    0eng d</controlfield><datafield ind1=" " ind2=" " tag="010"><subfield code="a">sn 87056773 </subfield></datafield><datafield ind1=" " ind2=" " tag="040"><subfield code="a">NPI</subfield><subfield code="b">eng</subfield><subfield code="c">NPI</subfield><subfield code="d">OCLCQ</subfield></datafield><datafield ind1=" " ind2=" " tag="042"><subfield code="a">msc</subfield></datafield><datafield ind1="0" ind2=" " tag="130"><subfield code="a">Sun (Portland, Ind.)</subfield></datafield><datafield ind1="1" ind2="4" tag="245"><subfield code="a">The sun.</subfield></datafield><datafield ind1=" " ind2=" " tag="260"><subfield code="a">Portland, Ind. :</subfield><subfield code="b">Timmonds &amp; Saunders,</subfield><subfield code="c">1896.</subfield></datafield><datafield ind1=" " ind2=" " tag="310"><subfield code="a">Weekly</subfield></datafield><datafield ind1="0" ind2=" " tag="362"><subfield code="a">Vol. 26, no. 24 (Oct. 9, 1896)-v. 26, no. 29 (Nov. 13, 1896).</subfield></datafield><datafield ind1=" " ind2=" " tag="752"><subfield code="a">United States</subfield><subfield code="b">Indiana</subfield><subfield code="c">Jay</subfield><subfield code="d">Portland.</subfield></datafield><datafield ind1="0" ind2="0" tag="780"><subfield code="t">Portland sun (Portland, Ind.)</subfield><subfield code="w">(DLC)sn 86058262</subfield></datafield><datafield ind1="0" ind2="0" tag="785"><subfield code="t">Semi-weekly sun (Portland, Ind.)</subfield><subfield code="w">(DLC)sn 87056774</subfield></datafield></record>